
####

@inproceedings{strapparava2007semeval,
  title={SemEval-2007 task 14: Affective text},
  author={Strapparava, Carlo and Mihalcea, Rada},
  booktitle={Proceedings of the Fourth International Workshop on Semantic Evaluations (SemEval-2007)},
  pages={70--74},
  year={2007}
}

@article{mohammad2013crowdsourcing,
  title={Crowdsourcing a word-emotion association lexicon},
  author={Mohammad, Saif M and Turney, Peter D},
  journal={Computational Intelligence},
  volume={29},
  number={3},
  pages={436--465},
  year={2013},
  publisher={Wiley Online Library}
}

@article{thelwall2010sentiment,
  title={Sentiment strength detection in short informal text},
  author={Thelwall, Mike and Buckley, Kevan and Paltoglou, Georgios and Cai, Di and Kappas, Arvid},
  journal={Journal of the American Society for Information Science and Technology},
  volume={61},
  number={12},
  pages={2544--2558},
  year={2010},
  publisher={Wiley Online Library}
}

@inproceedings{balahur2013sentiment,
  title={Sentiment analysis in the news},
  author={Balahur, Alexandra and Steinberger, Ralf and Kabadjov, Mijail and Zavarella, Vanni and Van Der Goot, Erik and Halkia, Matina and Pouliquen, Bruno and Belyaeva, Jenya},
  booktitle={Proceedings of the 7th International Conference on Language Resources and Evaluation},
  pages={2216--2220},
  year={2013}
}

@article{colneric2018emotion,
  title={Emotion recognition on Twitter: comparative study and training a unison model},
  author={Colneri{\v{c}}, Niko and Dem{\v{s}}ar, Janez},
  journal={IEEE transactions on affective computing},
  volume={11},
  number={3},
  pages={433--446},
  year={2018},
  publisher={IEEE}
}

@inproceedings{felbo2017using,
  title={Using millions of emoji occurrences to learn any-domain representations for detecting sentiment, emotion and sarcasm},
  author={Felbo, Bjarke and Mislove, Alan and S{\o}gaard, Anders and Rahwan, Iyad and Lehmann, Sune},
  booktitle={Proceedings of the 2017 Conference on Empirical Methods in Natural Language Processing},
  pages={1615--1625},
  year={2017}
}

@inproceedings{abdul2017emonet,
  title={EmoNet: Fine-grained emotion detection with gated recurrent neural networks},
  author={Abdul-Mageed, Muhammad and Ungar, Lyle},
  booktitle={Proceedings of the 55th annual meeting of the association for computational linguistics (volume 1: long papers)},
  pages={718--728},
  year={2017}
}

@inproceedings{demszky2020goemotions,
  title={GoEmotions: A dataset of fine-grained emotions},
  author={Demszky, Dorottya and Movshovitz-Attias, Dana and Ko, Jeongwoo and Cowen, Alan and Nemade, Gaurav and Ravi, Sujith},
  booktitle={Proceedings of the 58th Annual Meeting of the Association for Computational Linguistics},
  pages={4040--4054},
  year={2020}
}

@inproceedings{plaza2020deep,
  title={Deep learning in sentiment analysis: An overview of recent trends},
  author={Plaza-del-Arco, Flor Miriam and Molina-Gonz{\'a}lez, M Dolores and Ure{\~n}a-L{\'o}pez, L Alfonso and Mart{\'\i}n-Valdivia, M Teresa},
  booktitle={Proceedings of the 2nd International Workshop on Emotion and Sentiment in Social and Expressive Media},
  pages={54--85},
  year={2020}
}

@article{tsoumakas2007multi,
  title={Multi-label classification: An overview},
  author={Tsoumakas, Grigorios and Katakis, Ioannis},
  journal={International Journal of Data Warehousing and Mining (IJDWM)},
  volume={3},
  number={3},
  pages={1--13},
  year={2007},
  publisher={IGI Global}
}

@inproceedings{read2011classifier,
  title={Classifier chains for multi-label classification},
  author={Read, Jesse and Pfahringer, Bernhard and Holmes, Geoff and Frank, Eibe},
  booktitle={Joint European Conference on Machine Learning and Knowledge Discovery in Databases},
  pages={254--269},
  year={2011},
  organization={Springer}
}

@article{zhang2007ml,
  title={ML-KNN: A lazy learning approach to multi-label learning},
  author={Zhang, Min-Ling and Zhou, Zhi-Hua},
  journal={Pattern recognition},
  volume={40},
  number={7},
  pages={2038--2048},
  year={2007},
  publisher={Elsevier}
}

@inproceedings{nam2014large,
  title={Large-scale multi-label text classification revisited},
  author={Nam, Jinseok and Kim, Jungi and Mencía, Eneldo Loza and Gurevych, Iryna and Fürnkranz, Johannes},
  booktitle={Joint European Conference on Machine Learning and Knowledge Discovery in Databases},
  pages={437--452},
  year={2014},
  organization={Springer}
}

@misc{wu2020distribution,
      title={Distribution-Balanced Loss for Multi-Label Classification in Long-Tailed Datasets}, 
      author={Tong Wu and Qingqiu Huang and Ziwei Liu and Yu Wang and Dahua Lin},
      year={2021},
      eprint={2007.09654},
      archivePrefix={arXiv},
      primaryClass={cs.CV},
      url={https://arxiv.org/abs/2007.09654}, 
}

@inproceedings{yeh2017learning,
  title={Learning label dependencies for multi-label classification},
  author={Yeh, Chih-Kuan and Wu, Wei-Chieh and Ko, Wei-Jen and Wang, Yu-Chiang Frank},
  booktitle={Proceedings of the AAAI Conference on Artificial Intelligence},
  volume={31},
  number={1},
  year={2017}
}

@article{sorower2010literature,
  title={A literature survey on algorithms for multi-label learning},
  author={Sorower, Mohammad S},
  journal={Oregon State University, Corvallis},
  volume={18},
  pages={1--25},
  year={2010}
}

@inproceedings{devlin2019bert,
  title={BERT: Pre-training of deep bidirectional transformers for language understanding},
  author={Devlin, Jacob and Chang, Ming-Wei and Lee, Kenton and Toutanova, Kristina},
  booktitle={Proceedings of the 2019 Conference of the North American Chapter of the Association for Computational Linguistics: Human Language Technologies, Volume 1 (Long and Short Papers)},
  pages={4171--4186},
  year={2019}
}

@inproceedings{conneau2020unsupervised,
  title={Unsupervised cross-lingual representation learning at scale},
  author={Conneau, Alexis and Khandelwal, Kartikay and Goyal, Naman and Chaudhary, Vishrav and Wenzek, Guillaume and Guzm{\'a}n, Francisco and Grave, Edouard and Ott, Myle and Zettlemoyer, Luke and Stoyanov, Veselin},
  booktitle={Proceedings of the 58th Annual Meeting of the Association for Computational Linguistics},
  pages={8440--8451},
  year={2020}
}

@inproceedings{pfeiffer2020mad,
  title={MAD-X: An Adapter-Based Framework for Multi-Task Cross-Lingual Transfer},
  author={Pfeiffer, Jonas and Vuli{\'c}, Ivan and Gurevych, Iryna and Ruder, Sebastian},
  booktitle={Proceedings of the 2020 Conference on Empirical Methods in Natural Language Processing (EMNLP)},
  pages={7654--7673},
  year={2020}
}

@inproceedings{hu2020xtreme,
  title={XTREME: A massively multilingual multi-task benchmark for evaluating cross-lingual generalisation},
  author={Hu, Junjie and Ruder, Sebastian and Siddhant, Aditya and Neubig, Graham and Firat, Orhan and Johnson, Melvin},
  booktitle={International Conference on Machine Learning},
  pages={4411--4421},
  year={2020},
  organization={PMLR}
}

@inproceedings{ruder2021xtreme,
  title={XTREME-R: Towards more challenging and nuanced multilingual evaluation},
  author={Ruder, Sebastian and Constant, Noah and Firat, Orhan and Siddhant, Aditya and Hu, Junjie and Neubig, Graham and Johnson, Melvin},
  booktitle={Proceedings of the 2021 Conference on Empirical Methods in Natural Language Processing},
  pages={10215--10245},
  year={2021}
}

@inproceedings{artetxe2020cross,
  title={Cross-lingual similarities and differences in bilingual word embedding spaces},
  author={Artetxe, Mikel and Labaka, Gorka and Agirre, Eneko},
  booktitle={Proceedings of the 58th Annual Meeting of the Association for Computational Linguistics},
  pages={4207--4217},
  year={2020}
}

@inproceedings{ponti2019cross,
  title={Cross-lingual language modeling with polyglot neural language models},
  author={Ponti, Edoardo Maria and Rei, Marek and Korhonen, Anna and Vulic, Ivan},
  booktitle={Proceedings of the 2019 Conference on Empirical Methods in Natural Language Processing and the 9th International Joint Conference on Natural Language Processing (EMNLP-IJCNLP)},
  pages={2792--2798},
  year={2019}
}

@inproceedings{wu2020all,
  title={Are all languages created equal in multilingual BERT?},
  author={Wu, Shijie and Dredze, Mark},
  booktitle={Proceedings of the 5th Workshop on Representation Learning for NLP},
  pages={120--130},
  year={2020}
}

@inproceedings{lewis2020retrieval,
  title={Retrieval-augmented generation for knowledge-intensive NLP tasks},
  author={Lewis, Patrick and Perez, Ethan and Piktus, Aleksandra and Petroni, Fabio and Karpukhin, Vladimir and Goyal, Naman and K{\"u}ttler, Heinrich and Lewis, Mike and Yih, Wen-tau and Rockt{\"a}schel, Tim and others},
  booktitle={Advances in Neural Information Processing Systems},
  volume={33},
  pages={9459--9474},
  year={2020}
}

@article{mallen2023rag,
  title={RAG for classification: Improving text classification with retrieval augmented generation},
  author={Mallen, Austin and Jain, Sharad and Hassani, Mohsen and Shi, Weijia and Hou, Yutao and Karypis, George},
  journal={arXiv preprint arXiv:2310.01352},
  year={2023}
}

@article{shi2023cross,
  title={Cross-lingual retrieval augmented generation},
  author={Shi, Weijia and Mallen, Austin and Wang, Alex and Karypis, George and Jain, Sharad},
  journal={arXiv preprint arXiv:2305.11838},
  year={2023}
}

@article{izacard2022atlas,
  title={Atlas: Few-shot learning with retrieval augmented language models},
  author={Izacard, Gautier and Lewis, Patrick and Lomeli, Maria and Hosseini, Lucas and Petroni, Fabio and Schick, Timo and Dwivedi-Yu, Jane and Joulin, Armand and Riedel, Sebastian and Grave, Edouard},
  journal={arXiv preprint arXiv:2208.03299},
  year={2022}
}

@article{gao2023retrieval,
  title={Retrieval-augmented generation for large language models: A survey},
  author={Gao, Yunfan and Xiong, Yun and Gao, Xinyu and Jiang, Kangning and Yan, Jinyang and Li, Kangyi and Zhang, Wen and Wang, Xiaozhuan and Yan, Ruihan and Han, Shi and others},
  journal={arXiv preprint arXiv:2312.10997},
  year={2023}
}

@article{yu2023improving,
  title={Improving retrieval-augmented large language models via data importance learning},
  author={Yu, Xiaohan and Yin, Dawei and Rao, Chenguang and Xiong, Wenhao and Huang, Hengtong and Mahajan, Dhruv and Feris, Rogerio and Savarese, Silvio and Hoi, Steven CH},
  journal={arXiv preprint arXiv:2304.08078},
  year={2023}
}

@article{singh2022flare,
  title={FLARE: Few-shot learning with retrieval for efficient open-domain question answering},
  author={Singh, Gautier and Pal, Soumya and Gao, Nishant and Asai, Akari and Hajishirzi, Hannaneh},
  journal={ACM Transactions on Information Systems},
  volume={41},
  number={3},
  pages={1--31},
  year={2022},
  publisher={ACM New York, NY}
}

@article{glass2022re2g,
  title={Re2G: Retrieve, rerank, generate},
  author={Glass, Michael and Gliozzo, Alfio and Chakravarti, Rishav and Ferritto, Anthony and Lin, Lin and Shafran, Grzegorz and Pan, Dinei and Bhargav, G P Shrivatsa and Feigenblat, Guy},
  journal={arXiv preprint arXiv:2205.12274},
  year={2022}
}

@article{brown2020language,
  title={Language models are few-shot learners},
  author={Brown, Tom and Mann, Benjamin and Ryder, Nick and Subbiah, Melanie and Kaplan, Jared D and Dhariwal, Prafulla and Neelakantan, Arvind and Shyam, Pranav and Sastry, Girish and Askell, Amanda and others},
  journal={Advances in neural information processing systems},
  volume={33},
  pages={1877--1901},
  year={2020}
}

@misc{gao2021making,
      title={Making Pre-trained Language Models Better Few-shot Learners}, 
      author={Tianyu Gao and Adam Fisch and Danqi Chen},
      year={2021},
      eprint={2012.15723},
      archivePrefix={arXiv},
      primaryClass={cs.CL},
      url={https://arxiv.org/abs/2012.15723}, 
}

@misc{tunstall2022efficient,
      title={Efficient Few-Shot Learning Without Prompts}, 
      author={Lewis Tunstall and Nils Reimers and Unso Eun Seo Jo and Luke Bates and Daniel Korat and Moshe Wasserblat and Oren Pereg},
      year={2022},
      eprint={2209.11055},
      archivePrefix={arXiv},
      primaryClass={cs.CL},
      url={https://arxiv.org/abs/2209.11055}, 
}

@misc{liu2022few,
      title={Few-Shot Parameter-Efficient Fine-Tuning is Better and Cheaper than In-Context Learning}, 
      author={Haokun Liu and Derek Tam and Mohammed Muqeeth and Jay Mohta and Tenghao Huang and Mohit Bansal and Colin Raffel},
      year={2022},
      eprint={2205.05638},
      archivePrefix={arXiv},
      primaryClass={cs.LG},
      url={https://arxiv.org/abs/2205.05638}, 
}

@inproceedings{zhao2021closer,
  title={A closer look at few-shot crosslingual transfer: The choice of shots matters},
  author={Zhao, Mengjie and Sch{\"u}tze, Hinrich},
  booktitle={Proceedings of the 59th Annual Meeting of the Association for Computational Linguistics and the 11th International Joint Conference on Natural Language Processing (Volume 1: Long Papers)},
  pages={5751--5763},
  year={2021}
}

@inproceedings{wang2021meta,
  title={Meta-learning for few-shot natural language processing: A survey},
  author={Wang, Wenpeng and Zheng, Vincent W and Yu, Han and Miao, Chunyan},
  booktitle={Proceedings of the AAAI Conference on Artificial Intelligence},
  volume={35},
  number={14},
  pages={4110--4118},
  year={2021}
}

@article{hou2022few,
  title={Few-shot learning for multi-label intent detection},
  author={Hou, Mengxiao and Ren, Osmar and Malaviya, Chaitanya and Saphra, Naomi and Rudinger, Rachel and Lambert, Benjamin},
  journal={arXiv preprint arXiv:2203.03286},
  year={2022}
}

@article{alhussain2021deep,
  title={Deep learning-based emotion detection in Arabic tweets: A systematic literature review},
  author={Alhussain, Abdulrahman I and Azmi, Aqil M},
  journal={Artificial Intelligence Review},
  volume={54},
  pages={5217--5250},
  year={2021},
  publisher={Springer}
}

@inproceedings{wei2022chain,
  title={Chain of thought prompting elicits reasoning in large language models},
  author={Wei, Jason and Wang, Xuezhi and Schuurmans, Dale and Bosma, Maarten and Ichter, Brian and Xia, Fei and Chi, Ed and Le, Quoc and Zhou, Denny},
  booktitle={Advances in Neural Information Processing Systems},
  volume={35},
  pages={24824--24837},
  year={2022}
}

@inproceedings{winata2021language,
  title={Language model as an annotator: Exploring DialoGPT for dialogue summarization},
  author={Winata, Genta Indra and Cahyawijaya, Samuel and Lin, Zhaojiang and Liu, Zihan and Xu, Peng and Fung, Pascale},
  booktitle={Proceedings of the 59th Annual Meeting of the Association for Computational Linguistics and the 11th International Joint Conference on Natural Language Processing (Volume 1: Long Papers)},
  pages={1479--1491},
  year={2021}
}

@article{zhang2023emotion,
  title={Emotion detection with large language models: A comparative study across model sizes and languages},
  author={Zhang, Yiwei and Ding, Yue and Gong, Yeyun and Gu, Jian and Feng, Yue},
  journal={arXiv preprint arXiv:2307.09184},
  year={2023}
}

@article{zhao2023survey,
  title={A survey on large language models for recommendation},
  author={Zhao, Likang and Zhang, Tao and Li, Yuntao and Zhang, Sirui and Hou, Yinwei and Wang, Zelong and Feng, Fuli and He, Xiangnan},
  journal={arXiv preprint arXiv:2305.19860},
  year={2023}
}

@inproceedings{park2022social,
  title={Social bias frames: Reasoning about social and power implications of language},
  author={Park, Ji Ho and Shin, Jamin and Fung, Pascale},
  booktitle={Proceedings of the 60th Annual Meeting of the Association for Computational Linguistics (Volume 1: Long Papers)},
  pages={8519--8534},
  year={2022}
}

@inproceedings{derczynski2022cultural,
  title={Cultural differences in emotion perception in natural language},
  author={Derczynski, Leon and Maynard, Diana},
  booktitle={Proceedings of the 2022 Conference on Empirical Methods in Natural Language Processing},
  pages={10417--10429},
  year={2022}
}

@misc{gao2024retrieval,
      title={Retrieval-Augmented Generation for Large Language Models: A Survey}, 
      author={Yunfan Gao and Yun Xiong and Xinyu Gao and Kangxiang Jia and Jinliu Pan and Yuxi Bi and Yi Dai and Jiawei Sun and Meng Wang and Haofen Wang},
      year={2024},
      eprint={2312.10997},
      archivePrefix={arXiv},
      primaryClass={cs.CL},
      url={https://arxiv.org/abs/2312.10997}, 
}

@inproceedings{shi2023replug,
  title={RePlug: Retrieval-Augmented Black-Box Language Models},
  author={Shi, Weijia and Zhao, Sewon and Salakhutdinov, Ruslan and Lewis, Patrick and Yih, Wen-tau and Zettlemoyer, Luke},
  booktitle={Proceedings of the 2023 Conference on Empirical Methods in Natural Language Processing},
  pages={14884--14899},
  year={2023}
}

@inproceedings{glass2022re,
  title={Re2G: Retrieve, Rerank, Generate},
  author={Glass, Michael and Gliozzo, Alfio and Chakravarti, Rishav and Ferritto, Anthony and Lin, Lin and Shafran, Grzegorz and Pan, Dinei and Bhargav, Srinivas Rao and Garg, Avirup},
  booktitle={Proceedings of the 2022 Conference on Empirical Methods in Natural Language Processing},
  pages={2912--2925},
  year={2022}
}

@misc{xia2020multi,
      title={Multi-View Learning for Vision-and-Language Navigation}, 
      author={Qiaolin Xia and Xiujun Li and Chunyuan Li and Yonatan Bisk and Zhifang Sui and Jianfeng Gao and Yejin Choi and Noah A. Smith},
      year={2020},
      eprint={2003.00857},
      archivePrefix={arXiv},
      primaryClass={cs.CL},
      url={https://arxiv.org/abs/2003.00857}, 
}
